@article{ randell_ryan_voting_technologies_and_trust, 
    author = {Randell, B. and Ryan, P. Y.A.},
    journal = {{Security Privacy, IEEE}},
    title = {{Voting Technologies and Trust}},
    year = {2006},
    volume = {4},
    number = {5},
    pages = {50--56}, 
    doi = {10.1109/MSP.2006.140}, 
    issn = {1540-7993}
}

@article{ chaum_secret_ballot,
    author = {Chaum, D.},
    journal = {{Security Privacy, IEEE}},
    title = {{Secret-Ballot Receipts: True Voter-Verifiable Elections}}, 
    year = {2004},
    volume = {2},
    number = {1},
    pages = {38-47},
    doi = {10.1109/MSECP.2004.1264852}, 
    issn = {1540-7993}
}

@incollection { cichon_kutylowski_weglorz_short_ballot_assumption,
    author = {Cicho\'n, J. and Kuty{\l}owski, M. and W{\c e}glorz, B.},
    title = {{Short Ballot Assumption and Threeballot Voting Protocol}},
    booktitle = {{SOFSEM 2008: Theory and Practice of Computer Science}},
    year={2008},
    volume={4910},
    pages={585-598},
    doi={10.1007/978-3-540-77566-9_51},
    isbn={978-3-540-77565-2}
}

@inproceedings{ adida_rivest_scratch_and_vote,
  author = {B. Adida and R. L. Rivest},
  title = {{Scratch {\&} Vote: Self-Contained Paper-Based Cryptographic Voting}},
  booktitle = {WPES},
  year = {2006},
  pages = {29-40},
}

@inproceedings{ rivest_smith_three_voting_protocols,
    author = {Rivest, R. L. and Smith, W. D.},
    title = {{Three Voting Protocols: ThreeBallot, VAV, and Twin}},
    booktitle = {{Proceedings of the USENIX Workshop on Accurate Electronic Voting Technology}},
    year = {2007},
    pages = {16--16},
    numpages = {1}
}

@misc{ adi_schuler_frohlich_open_counting,
    author = {Adi, A. and Adi, W. and Sch\"uler, M. and Fr\"ohlich, P.},
    title = {{Demonstration of “Open Counting”: A Paper-Assisted Voting System with Public OMR-At-A-Distance Counting}},
    year = {}
}

@phdthesis{ adida_advances_in_cryptographic_voting_systems,
    author = {Adida, B.},
    title = {{Advances in Cryptographic Voting Systems}},
    school = {MIT},
    year = {2006}
}

@unpublished{ rivest_threeballot,
    author = {Rivest, R. L.},
    title = {{The ThreeBallot Voting System}},
    year = {2006}
}
