@article{ chaum_secret_ballot,
  author = {Chaum, D.},
  journal = {{Security Privacy, IEEE}},
  title = {{Secret-Ballot Receipts: True Voter-Verifiable Elections}}, 
  year = {2004},
  volume = {2},
  number = {1},
  pages = {38-47},
  doi = {10.1109/MSECP.2004.1264852}, 
  issn = {1540-7993}
}

@article{ diffie_hellman_new_directions_in_cryptography, 
  author = {Diffie, W. and Hellman, M.E.}, 
  journal = {{Information Theory, IEEE}}, 
  title = {{New Directions in Cryptography}}, 
  year = {1976},
  volume = {22}, 
  number = {6},
  pages = {644-654}, 
  doi = {10.1109/TIT.1976.1055638}, 
  issn = {0018-9448}
}

@article{ randell_ryan_voting_technologies_and_trust, 
  author = {Randell, B. and Ryan, P. Y.A.},
  journal = {{Security Privacy, IEEE}},
  title = {{Voting Technologies and Trust}},
  year = {2006},
  volume = {4},
  number = {5},
  pages = {50--56}, 
  doi = {10.1109/MSP.2006.140}, 
  issn = {1540-7993}
}

@article { rivest_shamir_adleman_rsa,
  author = {Rivest, R. L. and Shamir, A. and Adleman, L.},
  title = {{A Method for Obtaining Digital Signatures and Public-key Cryptosystems}},
  journal = {{Communications ACM}},
  year = {1978},
  volume = {21},
  number = {2},
  pages = {120--126},
  doi = {10.1145/359340.359342},
  issn = {0001-0782}
} 

@incollection{ cichon_kutylowski_weglorz_short_ballot_assumption,
  author = {Cicho\'n, J. and Kuty{\l}owski, M. and W{\c e}glorz, B.},
  title = {{Short Ballot Assumption and Threeballot Voting Protocol}},
  booktitle = {{SOFSEM 2008: Theory and Practice of Computer Science}},
  year={2008},
  volume={4910},
  pages={585-598},
  doi={10.1007/978-3-540-77566-9_51},
  isbn={978-3-540-77565-2}
}

@inproceedings{ adida_rivest_scratch_and_vote,
  author = {B. Adida and R. L. Rivest},
  title = {{Scratch {\&} Vote: Self-Contained Paper-Based Cryptographic Voting}},
  booktitle = {WPES},
  year = {2006},
  pages = {29-40},
}

@inproceedings{ rivest_smith_three_voting_protocols,
  author = {Rivest, R. L. and Smith, W. D.},
  title = {{Three Voting Protocols: ThreeBallot, VAV, and Twin}},
  booktitle = {{Proceedings of the USENIX Workshop on Accurate Electronic Voting Technology}},
  year = {2007},
  pages = {16--16},
  numpages = {1}
}

@masterthesis{ coeckelbergh_toepassing_en_uitbreiding_van_het_helios_online_verkiezingssysteem,
  author = {Coeckelbergh, R.},
  title = {{Toepassing en uitbreiding van het Helios online verkiezingssysteem}},
  school = {KU Leuven},
  year = {2013}
}

@masterthesis{ smedberg_performance_analysis_of_javascript,
  author = {Smedberg, F},
  title = {{Performance Analysis of JavaScript}},
  school = {Linköping University},
  year = {2010}
}

@misc{ adi_schuler_frohlich_open_counting,
  author = {Adi, A. and Adi, W. and Sch\"uler, M. and Fr\"ohlich, P.},
  title = {{Demonstration of “Open Counting”: A Paper-Assisted Voting System with Public OMR-At-A-Distance Counting}},
}

@misc{ loko_kiesreglement_verkiezingen,
  author = {LOKO},
  title = {{Kiesreglement verkiezingen}},
  year = {2014}
}

@misc{ vtk_verkiezingsreglement,
  author = {VTK},
  title = {{Verkiezingsreglement VTK vzw en VTK Ondersteuning vzw}},
  year = {2014}
}

@misc{ mail:sleevi_algorithms_and_referenced_documents,
  author = {Di Federico, A. and Sleevi, R.},
  title = {{Algorithms and referenced documents}},
  year = {2013},
  url = {http://lists.w3.org/Archives/Public/public-webcrypto-comments/2013Jun/0004.html},
  note = {[Mailing List Archive; Online; Accessed 6-May-2014]}
}

@misc{ rfc3447,
  author = {J. Jonsson and B. Kaliski},
  title = {{Public-Key Cryptography Standards (PKCS) \#1: RSA Cryptography Specifications Version 2.1}},
  series = {{Request for Comments}},
  number = {3447},
  publisher = {{IETF}},
  organization = {{Internet Engineering Task Force}},
  year = 2003,
  url = {http://www.ietf.org/rfc/rfc3447.txt}
}

@misc{ rfc5208,
  author = {B. Kaliski},
  title = {{Public-Key Cryptography Standards (PKCS) \#8: Private-Key Information Syntax Specification Version 1.2}},
  series = {{Request for Comments}},
  number = {5208},
  publisher = {{IETF}},
  organization = {{Internet Engineering Task Force}},
  year = 2008,
  url = {http://www.ietf.org/rfc/rfc5208.txt}
}

@misc{ site:baird_big_integers_in_javascript,
  author = {Baird, L.},
  title = {{Big Integers in JavaScript}},
  year = {2009},
  url = {http://leemon.com/crypto/BigInt.html},
  note = {[Online; Accessed 6-May-2014]}
}

@misc{ site:cois_javascript_performance_rundown_2012,
  author = {Cois, C.A.},
  title = {{JavaScript Performance Rundown, 2012}},
  year = {2012},
  url = {http://codehenge.net/blog/2012/08/javascript-performance-rundown-2012/},
  note = {[Online; Accessed 5-May-2014]}
}

@misc{ site:adida_helios_documentation,
  author = {Adida, B.},
  title = {{Helios Documentation}},
  year = {2014},
  url = {http://documentation.heliosvoting.org},
  note = {[Online; Accessed 8-May-2014]}
}

@misc{ site:html5test_web_cryptography_api,
  author = {HTML5test},
  title = {{Web Cryptography API}},
  year = {2014},
  url = {http://html5test.com/compare/feature/security-crypto.html},
  note = {[Online; Accessed 6-May-2014]}
}

@misc{ site:microsoft_web_cryptography,
  author = {Microsoft},
  title = {{Web Cryptography}},
  year = {2014},
  url = {http://msdn.microsoft.com/en-us/library/ie/dn302338(v=vs.85).aspx},
  note = {[Online; Accessed 6-May-2014]}
}

@misc{ site:nfwebcrypto,
  author = {Netflix},
  title = {{Netflix WebCrypto (NfWebCrypto)}},
  year = {2014},
  url = {https://github.com/Netflix/NfWebCrypto},
  note = {[Online; Accessed 6-May-2014]}
}

@misc{ site:polycrypt,
  author = {Polycrypt},
  title = {{PolyCrypt: A WebCrypto Polyfill}},
  year = {2014},
  url = {http://polycrypt.net},
  note = {[Online; Accessed 6-May-2014]}
}

@misc{ site:resig_javascript_performance_rundown,
  author = {Resig, J.},
  title = {{JavaScript Performance Rundown}},
  year = {2008},
  url = {http://ejohn.org/blog/javascript-performance-rundown/},
  note = {[Online; Accessed 5-May-2014]}
}

@misc{ site:wu_rsa_and_ecc_in_javascript,
  author = {Wu, T.},
  title = {{RSA and ECC in JavaScript}},
  year = {2009},
  url = {http://www-cs-students.stanford.edu/~tjw/jsbn/},
  note = {[Online; Accessed 6-May-2014]}
}

@misc{ wiki:dre_voting_machine,
	author = {Wikipedia},
	title = {{DRE voting machine --- Wikipedia}},
	year = {2013}, 
	url = {http://en.wikipedia.org/w/index.php?title=DRE_voting_machine&oldid=555933682},
	note = {[Online; Accessed 11-Apr-2014]}
}

@misc { wiki:ostracon,
  author = {Wikipedia},
  title = {{Ostracon --- Wikipedia}},
  year = {2014}, 
  url = {http://en.wikipedia.org/w/index.php?title=Ostracon&oldid=603659772},
  note = {[Online; Accessed 11-Apr-2014]}
}

@misc { wiki:vvpat,
  author = {Wikipedia},
  title = {{Voter-verified paper audit trail --- Wikipedia}},
  year = {2014}, 
  url = {http://en.wikipedia.org/w/index.php?title=Voter-verified_paper_audit_trail&oldid=599852086},
  note = {[Online; Accessed 17-Apr-2014]}
}

@misc { wiki:webcrypto,
  author = {W3C},
  title = {{Web Cryptography Working Group Wiki}},
  year = {2014}, 
  url = {http://www.w3.org/2012/webcrypto/wiki/index.php?title=Main_Page&oldid=483},
  note = {[Online; Accessed 5-May-2014]}
}

@phdthesis{ adida_advances_in_cryptographic_voting_systems,
  author = {Adida, B.},
  title = {{Advances in Cryptographic Voting Systems}},
  school = {MIT},
  year = {2006}
}

@techreport{ sleevi_watson_web_cryptography_api,
  author = {Sleevi, R. and Watson, M.},
  title = {{Web Cryptography API}},
  url = {http://www.w3.org/TR/2013/WD-FileAPI-20130912/},
  year = {2014},
  type = {{W3C Last Call Working Draft 12 September 2013}},
  institution = {{W3C}},
}

@techreport{ ranganathan_sicking_file_api,
  author = {Ranganathan, A. and Sicking, J.},
  title = {{File API}},
  url = {http://www.w3.org/TR/2014/WD-WebCryptoAPI-20140325/},
  year = {2014},
  type = {{W3C Last Call Working Draft 25 March 2014}},
  institution = {{W3C}},
}

@unpublished{ rivest_threeballot,
  author = {Rivest, R. L.},
  title = {{The ThreeBallot Voting System}},
  year = {2006}
}
