@article{ diffie_hellman_new_directions_in_cryptography, 
  author = {Diffie, W. and Hellman, M.E.}, 
  journal = {{IEEE Transactions on Information Theory}}, 
  title = {{New Directions in Cryptography}}, 
  year = {1976},
  volume = {22}, 
  number = {6},
  pages = {644-654}, 
  doi = {10.1109/TIT.1976.1055638}, 
  issn = {0018-9448}
}

@masterthesis{ coeckelbergh_application_and_extension_of_the_helios_voting_system,
  author = {Coeckelbergh, R.},
  title = {{Application and axtension of the Helios online voting system}},
  school = {KU Leuven},
  year = {2013},
  note = {{Master's Thesis}}
}

@masterthesis{ smedberg_performance_analysis_of_javascript,
  author = {Smedberg, F.},
  title = {{Performance Analysis of JavaScript}},
  school = {Link\"oping University},
  year = {2010},
  note = {{Master's Thesis}}
}

@misc{ news:economist_2014_ballot_boxes,
  author = {{The Economist}},
  title = {{The 2014 ballot boxes}},
  year = {2014},
  howpublished = {\url{http://www.economist.com/node/21592755}},
  note = {[Online; Accessed 17-May-2014]}
}

@misc{ rfc3447,
  author = {J. Jonsson and B. Kaliski},
  title = {{Public-Key Cryptography Standards (PKCS) \#1: RSA Cryptography Specifications Version 2.1}},
  series = {{Request for Comments}},
  number = {3447},
  publisher = {{IETF}},
  organization = {{Internet Engineering Task Force}},
  year = 2003,
  howpublished = {\url{http://www.ietf.org/rfc/rfc3447.txt}}
}

@misc{ site:adida_helios_documentation,
  author = {Adida, B.},
  title = {{Helios Documentation}},
  year = {2014},
  howpublished = {\url{http://documentation.heliosvoting.org}},
  note = {[Online; Accessed 8-May-2014]}
}

@misc{ site:baird_big_integers_in_javascript,
  author = {Baird, L.},
  title = {{Big Integers in JavaScript}},
  year = {2009},
  howpublished = {\url{http://leemon.com/crypto/BigInt.html}},
  note = {[Online; Accessed 6-May-2014]}
}

@misc{ site:cois_javascript_performance_rundown_2012,
  author = {Cois, C.A.},
  title = {{JavaScript Performance Rundown, 2012}},
  year = {2012},
  howpublished = {\url{http://codehenge.net/blog/2012/08/javascript-performance-rundown-2012/}},
  note = {[Online; Accessed 5-May-2014]}
}

@misc{ site:microsoft_web_cryptography,
  author = {Microsoft},
  title = {{Web Cryptography}},
  year = {2014},
  howpublished = {\url{http://msdn.microsoft.com/en-us/library/ie/dn302338(v=vs.85).aspx}},
  note = {[Online; Accessed 6-May-2014]}
}

@misc{ site:resig_javascript_performance_rundown,
  author = {Resig, J.},
  title = {{JavaScript Performance Rundown}},
  year = {2008},
  howpublished = {\url{http://ejohn.org/blog/javascript-performance-rundown/}},
  note = {[Online; Accessed 5-May-2014]}
}

@misc { wiki:webcrypto,
  author = {W3C},
  title = {{Web Cryptography Working Group Wiki}},
  year = {2014}, 
  howpublished = {\url{http://www.w3.org/2012/webcrypto/wiki/index.php?title=Main_Page&oldid=483}},
  note = {[Online; Accessed 5-May-2014]}
}

@misc{ site:wu_rsa_and_ecc_in_javascript,
  author = {Wu, T.},
  title = {{RSA and ECC in JavaScript}},
  year = {2009},
  howpublished = {\url{http://www-cs-students.stanford.edu/~tjw/jsbn/}},
  note = {[Online; Accessed 6-May-2014]}
}

@techreport{ ranganathan_sicking_file_api,
  author = {Ranganathan, A. and Sicking, J.},
  title = {{File API}},
  howpublished = {\url{http://www.w3.org/TR/2014/WD-WebCryptoAPI-20140325/}},
  year = {2014},
  type = {{W3C Last Call Working Draft 25 March 2014}},
  institution = {{W3C}},
}

@techreport{ sleevi_watson_web_cryptography_api,
  author = {Sleevi, R. and Watson, M.},
  title = {{Web Cryptography API}},
  url = {http://www.w3.org/TR/2013/WD-FileAPI-20130912/},
  year = {2014},
  type = {{W3C Last Call Working Draft 12 September 2013}},
  institution = {{W3C}},
}